<collection xmlns="http://www.loc.gov/MARC21/slim">
   <record>
      <leader>04119cam a2200421 i 45 0</leader>
      <controlfield tag="001">6815193</controlfield>
      <controlfield tag="003">OCoLC</controlfield>
      <controlfield tag="005">20150304112653.0</controlfield>
      <controlfield tag="008">140916s2015    enk      b    001 e eng  </controlfield>
      <datafield ind1=" " ind2=" " tag="010">
         <subfield code="a">  2014032531</subfield>
      </datafield>
      <datafield ind1=" " ind2=" " tag="015">
         <subfield code="a">GBB4C3399</subfield>
         <subfield code="2">bnb</subfield>
      </datafield>
      <datafield ind1="7" ind2=" " tag="016">
         <subfield code="a">016932270</subfield>
         <subfield code="2">Uk</subfield>
      </datafield>
      <datafield ind1=" " ind2=" " tag="020">
         <subfield code="a">9781472586087 (hardcover)</subfield>
      </datafield>
      <datafield ind1=" " ind2=" " tag="020">
         <subfield code="a">1472586085 (hardcover)</subfield>
      </datafield>
      <datafield ind1=" " ind2=" " tag="020">
         <subfield code="a">9781472586094 (paperback)</subfield>
      </datafield>
      <datafield ind1=" " ind2=" " tag="020">
         <subfield code="a">1472586093 (paperback)</subfield>
      </datafield>
      <datafield ind1=" " ind2=" " tag="035">
         <subfield code="a">ocn878837341</subfield>
      </datafield>
      <datafield ind1=" " ind2=" " tag="040">
         <subfield code="a">DLC</subfield>
         <subfield code="e">rda</subfield>
         <subfield code="b">eng</subfield>
         <subfield code="c">DLC</subfield>
         <subfield code="d">YDX</subfield>
         <subfield code="d">YDXCP</subfield>
         <subfield code="d">BTCTA</subfield>
         <subfield code="d">BDX</subfield>
         <subfield code="d">UKMGB</subfield>
         <subfield code="d">AEC</subfield>
      </datafield>
      <datafield ind1=" " ind2=" " tag="042">
         <subfield code="a">pcc</subfield>
      </datafield>
      <datafield ind1="0" ind2="0" tag="050">
         <subfield code="a">BL65.G55</subfield>
         <subfield code="b">R425 2015</subfield>
      </datafield>
      <datafield ind1="0" ind2="0" tag="082">
         <subfield code="a">201/.7</subfield>
         <subfield code="2">23</subfield>
      </datafield>
      <datafield ind1=" " ind2=" " tag="084">
         <subfield code="a">REL084000</subfield>
         <subfield code="a">REL033000</subfield>
         <subfield code="2">bisacsh</subfield>
      </datafield>
      <datafield ind1=" " ind2=" " tag="090">
         <subfield code="a">BL 65.G55 R425 2015</subfield>
         <subfield code="b">AEC</subfield>
      </datafield>
      <datafield ind1="0" ind2="0" tag="245">
         <subfield code="a">Religion, postcolonialism, and globalization :</subfield>
         <subfield code="b">a sourcebook /</subfield>
         <subfield code="c">[edited by] Jennifer Reid.</subfield>
      </datafield>
      <datafield ind1=" " ind2="1" tag="264">
         <subfield code="a">London, UK ;</subfield>
         <subfield code="a">New York, NY :</subfield>
         <subfield code="b">Bloomsbury Academic,</subfield>
         <subfield code="c">2015.</subfield>
      </datafield>
      <datafield ind1=" " ind2=" " tag="300">
         <subfield code="a">xiii, 247 pages ;</subfield>
         <subfield code="c">24 cm.</subfield>
      </datafield>
      <datafield ind1=" " ind2=" " tag="336">
         <subfield code="a">text</subfield>
         <subfield code="b">txt</subfield>
         <subfield code="2">rdacontent</subfield>
         <subfield code="0">http://id.loc.gov/vocabulary/contentTypes/txt</subfield>
      </datafield>
      <datafield ind1=" " ind2=" " tag="337">
         <subfield code="a">unmediated</subfield>
         <subfield code="b">n</subfield>
         <subfield code="2">rdamedia</subfield>
         <subfield code="0">http://id.loc.gov/vocabulary/mediaTypes/n</subfield>
      </datafield>
      <datafield ind1=" " ind2=" " tag="338">
         <subfield code="a">volume</subfield>
         <subfield code="b">nc</subfield>
         <subfield code="2">rdacarrier</subfield>
         <subfield code="0">http://id.loc.gov/vocabulary/carriers/nc</subfield>
      </datafield>
      <datafield ind1=" " ind2=" " tag="504">
         <subfield code="a">Includes bibliographical references (pages [231]-239) and index.</subfield>
      </datafield>
      <datafield ind1="8" ind2=" " tag="505">
         <subfield code="a">Contextualizing Globalization Section I Part 1 -- Inter Caetera [Papal Bull, 1493] -- First Letters Patent Granted by Henry VII to John Cabot (March 5, 1496) -- An Act for Continuing in The East India Company, 1813 -- Section I Part 2 'Military Globalisation is Nothing New / Tarak Barkawi -- The Modern World System : capitalist agriculuture and the origins of the European world-economy in the sixteenth century / Immanuel Wallerstein -- The Protestant Ethic and the Spirit of Capitalism / Max Weber -- Section II: Religion and Globalization: A Dialogue With Prevailing Wisdom -- Section II Part 1 -- The Clash of Civilizations / Samuel P. Huntington -- Jihad vs. McWorld / Benjamin Barber -- Ethics Must be Global, Not Local / Bill George -- Section II Part 2 -- The Clash of Ignorance / Edward W. Said -- Disjuncture and Difference in the Global Cultural Economy / Arjun Appadurai -- What Clash of Civilization? / Amartya Sen -- Doing cross-cultural religious business : globalization, Americanization, cocacolonization, McDonaldization, Disneyization, Tupperization, and other local dilemmas of global signification in the sutdy of religion / David Chidester -- Section III: Cosmopolitanism -- Section III Part 1 -- Perpetual Peace : a philosophical sketch / Immanuel Kant -- Section III Part 2 -- The Kantian Project of the Constitutionalization of International Law: Does it Still Have a Chance? / Jürgen Habermas -- Patriotism and Cosmopolitanism / Martha Nussbaum -- Cosmopolitan Democracy and the Global Order: A New Agenda / David Held -- The Case for Contamination / Kwame Anthony Appiah -- Section III Part 3 -- Cosmopolitanism and Nationalism / Craig Calhoun -- Defining a New Cosmopolitanism: Towards a Dialogue of Asian Civilizations / Ashis Nandy / Guru English / Srinivas Aravamudan -- Section IV: Before and Beyond the Discourse of Globalization -- Section IV Part 1 -- Royal Commentaries of the Incas and General History of Peru : part one / Garcilaso de la Vega -- Manifesto of the Second Pan-African Congress / W.E.B. Du Bois -- The Fourth World: Nations Without a State / Bernard Q. Nietschmann -- United League of Indigenous Nations Treaty, 2007 -- Economic Globalization, Indigenous Peoples, and the Role of Indigenous Women / Makere Harawira -- In Living Memory' Pedro Perez Sarduy -- Section IV Part 2 -- EarthChild / Kofi Anyidoho -- My Kind of Exile' Tenzin Tsundue.</subfield>
      </datafield>
      <datafield ind1=" " ind2=" " tag="596">
         <subfield code="a">21</subfield>
      </datafield>
      <datafield ind1=" " ind2="0" tag="650">
         <subfield code="a">Globalization</subfield>
         <subfield code="x">Religious aspects.</subfield>
         <subfield code="0">http://id.loc.gov/authorities/subjects/sh00002249</subfield>
      </datafield>
      <datafield ind1=" " ind2="0" tag="650">
         <subfield code="a">Postcolonialism</subfield>
         <subfield code="x">Religious aspects.</subfield>
      </datafield>
      <datafield ind1=" " ind2="0" tag="650">
         <subfield code="a">Reid, Jennifer,</subfield>
         <subfield code="d">1962-</subfield>
         <subfield code="e">editor.</subfield>
      </datafield>
      <datafield ind1=" " ind2=" " tag="758">
         <subfield code="0">http://worldcat.org/entity/work/id/148273426</subfield>
      </datafield>
      <datafield ind1="0" ind2=" " tag="787">
         <subfield code="n">OCLC Work Id</subfield>
         <subfield code="o">http://worldcat.org/entity/work/id/148273426</subfield>
      </datafield>
      <datafield ind1=" " ind2=" " tag="926">
         <subfield code="a">BL 65 G55 R425 2015</subfield>
         <subfield code="w">LC</subfield>
         <subfield code="c">1</subfield>
         <subfield code="i">33333001320163</subfield>
         <subfield code="d">12/20/2016</subfield>
         <subfield code="e">12/5/2016</subfield>
         <subfield code="l">ON_SHELF</subfield>
         <subfield code="m">CONCORDIA</subfield>
         <subfield code="n">9</subfield>
         <subfield code="r">Y</subfield>
         <subfield code="s">Y</subfield>
         <subfield code="t">BOOK</subfield>
         <subfield code="u">8/28/2015</subfield>
      </datafield>
   </record>
</collection>
